<record><leader>00000cas a22000007a 4500</leader><controlfield tag="001">12158467</controlfield><controlfield tag="008">850614d18491854pauwr ne      0    0eng d</controlfield><datafield ind1=" " ind2=" " tag="010"><subfield code="a">sn 85054651 </subfield></datafield><datafield ind1=" " ind2=" " tag="040"><subfield code="a">NPH</subfield><subfield code="b">eng</subfield><subfield code="c">NPH</subfield><subfield code="d">OCLCQ</subfield></datafield><datafield ind1=" " ind2=" " tag="042"><subfield code="a">msc</subfield></datafield><datafield ind1="0" ind2="0" tag="245"><subfield code="a">Clinton tribune.</subfield></datafield><datafield ind1=" " ind2=" " tag="260"><subfield code="a">Lock Haven, Pa. :</subfield><subfield code="b">Adam J. Greer</subfield></datafield><datafield ind1=" " ind2=" " tag="300"><subfield code="a">v. ;</subfield><subfield code="c">55 cm.</subfield></datafield><datafield ind1=" " ind2=" " tag="310"><subfield code="a">Weekly</subfield></datafield><datafield ind1="1" ind2=" " tag="362"><subfield code="a">Began with Dec. 26, 1849 issue; ceased in 1854.</subfield><subfield code="z">Cf. Linn, J. History of Centre and Clinton Counties, Pennsylvania.</subfield></datafield><datafield ind1=" " ind2=" " tag="500"><subfield code="a">Published every Tuesday morning.</subfield></datafield><datafield ind1=" " ind2=" " tag="588"><subfield code="a">Description based on: Vol. 1, no. 22 (June 4, 1850).</subfield></datafield><datafield ind1=" " ind2=" " tag="752"><subfield code="a">United States</subfield><subfield code="b">Pennsylvania</subfield><subfield code="c">Clinton</subfield><subfield code="d">Lock Haven.</subfield></datafield><datafield ind1="0" ind2="0" tag="785"><subfield code="t">American watchman (Lock Haven, Pa.)</subfield><subfield code="w">(DLC)sn 85054652</subfield></datafield></record>